\usepackage{url}

@online{1,
author = {T. Dierks and E. Rescorla},
title = {RFC 5246 - The Transport Layer Security (TLS) Protocol Version 1.2},
year = {2008},
url = {https://tools.ietf.org/html/rfc5246},
OPTsubtitle = {•},
OPTtitleaddon = {•},
OPTlanguage = {•},
OPTversion = {•},
OPTnote = {•},
OPTorganization = {•},
OPTdate = {•},
OPTmonth = {•},
OPTaddendum = {•},
OPTpubstate = {•},
OPTurldate = {•},
}

@Book{2,
author = {Simson Garfinkel},
ALTeditor = {•},
title = {PGP: Pretty Good Privacy},
publisher = {O’Reilly \& Associates},
year = {1994},
OPTkey = {•},
OPTvolume = {•},
OPTnumber = {•},
OPTseries = {•},
OPTaddress = {•},
OPTedition = {•},
OPTmonth = {•},
OPTnote = {•},
OPTannote = {•}
}

@online{3,
author = {Unknown},
title = {A Next-Generation Smart Contract and Decentralized Application Platform},
year = {2014},
url = {https://github.com/ethereum/wiki/wiki/White-Paper},
OPTsubtitle = {•},
OPTtitleaddon = {•},
OPTlanguage = {•},
OPTversion = {•},
OPTnote = {•},
OPTorganization = {•},
OPTdate = {•},
OPTmonth = {•},
OPTaddendum = {•},
OPTpubstate = {•},
OPTurldate = {•},
}

@online{4,
author = {Unknown},
title = {Solidity Tutorials},
year = {2015},
url = {https://ethereum.gitbooks.io/frontier-guide/content/solidity.html},
OPTsubtitle = {•},
OPTtitleaddon = {•},
OPTlanguage = {•},
OPTversion = {•},
OPTnote = {•},
OPTorganization = {•},
OPTdate = {•},
OPTmonth = {•},
OPTaddendum = {•},
OPTpubstate = {•},
OPTurldate = {•},
}

@online{5,
author = {Brandon Wiley},
title = {Distributed Hash Tables, Part I},
year = {2003},
url = {http://www.linuxjournal.com/article/6797},
OPTsubtitle = {•},
OPTtitleaddon = {•},
OPTlanguage = {•},
OPTversion = {•},
OPTnote = {•},
OPTorganization = {•},
OPTdate = {•},
OPTmonth = {•},
OPTaddendum = {•},
OPTpubstate = {•},
OPTurldate = {•},
}

@online{6,
author = {Unknown},
title = {CA:How to apply},
year = {2016},
url = {\url{https://wiki.mozilla.org/CA:How\_to\_apply}},
OPTsubtitle = {•},
OPTtitleaddon = {•},
OPTlanguage = {•},
OPTversion = {•},
OPTnote = {•},
OPTorganization = {•},
OPTdate = {•},
OPTmonth = {•},
OPTaddendum = {•},
OPTpubstate = {•},
OPTurldate = {•},
}

@online{7,
author = {Heather Adkins},
title = {Google Online Security Blog: An update on attempted man-in-the-middle attacks},
year = {2011},
url = {\url{https://googleonlinesecurity.blogspot.fr/2011/08/update-on-attempted-man-in-middle.html}},
OPTsubtitle = {•},
OPTtitleaddon = {•},
OPTlanguage = {•},
OPTversion = {•},
OPTnote = {•},
OPTorganization = {•},
OPTdate = {•},
OPTmonth = {•},
OPTaddendum = {•},
OPTpubstate = {•},
OPTurldate = {•},
}
